@BOOK{stroustrup97,
  AUTHOR = "B. Stroustrup",
  TITLE = "The C++ Programming Language, special edition",
  PUBLISHER = {Addison-Wesley},
  ADDRESS = {New York},
  YEAR = {1997}
}

@TechReport{RefCountPtrBeginnersGuide,
  author=       {R. A. Bartlett},
  title=        {{Teuchos::RefCountPtr} : {A}n Introduction to the {T}rilinos Smart
                Reference-Counted Pointer Class for (Almost) Automatic Dynamic
                Memory Management in {C}++},
  institution=  {Sandia National Laboratories},
  year=         {2004},
  type=         {Technical report},
  number=       {SAND04-3268},
  address=      {Albuquerque, New Mexico 87185 and Livermore, California 94550}
}

@BOOK(C++CodingStandards05,
 author = "H. Sutter and A. Alexandrescu",
 title = "C++ Coding Standards: 101 Rules, Guidelines and Best Practices",
 publisher = "Addison Wesley",
 year = "2005"
)

@BOOK(CodeComplete2nd04,
 author = "S. McConnell",
 title = "Code Complete: Second Edition",
 publisher = "Microsoft Press",
 year = "2004"
)

@BOOK(DomainDrivenDesign,
 author = "E. Evans",
 title = "Domain-Driven Design",
 publisher = "Addison Wesley",
 year = "2004"
)
